
@article{Biesiadecki2005,
    author = {Biesiadecki, JJ},
    journal = {Systems, Man and  \ldots},
    title = {{Mars exploration rover surface operations: Driving opportunity at meridiani planum}},
    url = {http://ieeexplore.ieee.org/xpls/abs\_all.jsp?arnumber=1571412},
    year = {2005}
}


@inproceedings{Hidalgo-Carrio2014,
    author = {Hidalgo-Carrio, Javier and Babu, Ajish and Kirchner, Frank},
    booktitle = {2014 IEEE/RSJ International Conference on Intelligent Robots and Systems},
    doi = {10.1109/IROS.2014.6942557},
    file = {:home/javi/mendeley/pdf/Hidalgo-Carrio, Babu, Kirchner - 2014 - Static forces weighted Jacobian motion models for improved Odometry.pdf:pdf},
    isbn = {978-1-4799-6934-0},
    keywords = {Asguard v3 system,Jacobian matrices,Kinematics,Mathematical model,Mobile robots,Robot kinematics,Vectors,Wheels,articulated mobile robots,field robotics,leg-wheel hybrid robot,localization framework,mobile robots,motion control,real-time inertial-aided odometry,real-time systems,robot motion,static forces weighted Jacobian motion models},
    language = {English},
    mendeley-groups = {conferences},
    month = sep,
    pages = {169--175},
    publisher = {IEEE},
    title = {{Static forces weighted Jacobian motion models for improved Odometry}},
    year = {2014}
}

@inproceedings{Hidalgo2013,
    author = {Hidalgo, Javier},
    booktitle = {Symposium on Advanced Space Technologies in Robotics and Automation},
    file = {:home/javi/.local/share/data/Mendeley Ltd./Mendeley Desktop/Downloaded/Hidalgo - 2013 - Navigation and Slip Kinematics for High Performance Motion Models.pdf:pdf},
    keywords = {dead reckoning and planetary rovers,robot motion,rover kinematics,wheel odometry},
    mendeley-groups = {conferences},
    title = {{Navigation and Slip Kinematics for High Performance Motion Models}},
    year = {2013}
}


@inproceedings{Hidalgo2012a,
    author = {Hidalgo, Javier and Cordes, Florian},
    booktitle = {International Symposium on Artificial Intelligence, Robotics and Automation in Space},
    file = {:home/javi/mendeley/pdf/Hidalgo, Cordes\_2012\_Kinematics Modeling of a Hybrid Wheeled-Leg Planetary Rover.pdf:pdf},
    keywords = {dead reckoning and planetary,dimensional space,e,either on planar two-,i,kinematics,on kinematics have concentrated,plane and,robot motion,rover,rovers,translation in the x-y,wheel odometry},
    mendeley-groups = {conferences,localization/navigation},
    title = {{Kinematics Modeling of a Hybrid Wheeled-Leg Planetary Rover}},
    year = {2012}
}

@article{Tarokh2005,
    author = {Tarokh, Mahmoud and McDermott, Gregory J},
    file = {:home/javi/mendeley/pdf/Tarokh, Mcdermott - 2005 - Kinematics Modeling and Analyses of Articulated Rovers.pdf:pdf},
    journal = {IEEE Transactions on Robotics},
    mendeley-groups = {conferences/transaction on robotics,conferences,locomotion},
    number = {4},
    pages = {539--553},
    title = {{Kinematics Modeling and Analyses of Articulated Rovers}},
    volume = {21},
    year = {2005}
}

@article{Brunskill2011419,
title = "Characterisation of martian soil simulants for the ExoMars rover testbed ",
journal = "Journal of Terramechanics ",
volume = "48",
number = "6",
pages = "419 - 438",
year = "2011",
note = "",
issn = "0022-4898",
doi = "http://dx.doi.org/10.1016/j.jterra.2011.10.001",
url = "http://www.sciencedirect.com/science/article/pii/S0022489811000814",
author = "Christopher Brunskill and Nildeep Patel and Thibault P. Gouache and Gregory P. Scott and Chakravarthini M. Saaj and Marcus Matthews and Liang Cui",
keywords = "Mars",
keywords = "ExoMars",
keywords = "Rover",
keywords = "Mobility",
keywords = "Simulant",
keywords = "Soil mechanics "
}

@inproceedings{michaud2014,
  title={Wheel-Soil Interaction Data Generation and Analysis on Characterized Martian Soil Simulants},
  author={Michaud, S and Kruse, GAM and van Winnendael, M},
  year = {2014},
  booktitle = {i-SAIRAS 2014, The 12th International Symposium on Atrificial Intelligence, Robotics and Automation in Space}
}

@article {ROB:ROB21481,
author = {Heverly, Matt and Matthews, Jaret and Lin, Justin and Fuller, Dan and Maimone, Mark and Biesiadecki, Jeffrey and Leichty, John},
title = {Traverse Performance Characterization for the Mars Science Laboratory Rover},
journal = {Journal of Field Robotics},
volume = {30},
number = {6},
issn = {1556-4967},
url = {http://dx.doi.org/10.1002/rob.21481},
doi = {10.1002/rob.21481},
pages = {835--846},
year = {2013},
}

@article{Wettergreen_2010_6732,
   author = "David Wettergreen and Scott Jared Moreland and Krzysztof Skonieczny and Dominic Jonak and David Kohanbash and James Teza",
   title = "Design and field experimentation of a prototype Lunar prospector ",
   journal = "International Journal of Robotics Research",
   pages = "1550 - 1564",
   month = "October",
   year = "2010",
   volume = "29",
   number = "12",
}

@PhdThesis{Moreland2013,
   title = "{Traction Processes of Wheels in Loose, Granular Soil}",
   author = "Scott J. Moreland",
   school = "Carnegie Mellon University",
    year = "2013",
}

@book{Ehrenfreund1998,
   title = "{Laboratory Astrophysics and Space Research}",
   author = "P. Ehrenfreund and C. Krafft and H. Kochan and V. Pirronello",
   year = "1998",
}

@inproceedings{Azkarate2015,
    author = {Azkarate, M and Poulakis, P},
    keywords = {System engineering,robotics system design,control architecture},
    title = "ExoMars Testing Rover (ExoTeR): System architecture design (ToBePublished)"
}

@misc{SpiritTrap,
   title = {Mars Exploration Rover Mission: Press Releases},
   author = "Webster, Guy. Jet Propulsion Laboratory, Pasadena, California, 2009" 
   howpublished = {\url{http://mars.nasa.gov/mer/newsroom/pressreleases/20090511a.html}},
   note = {Accesed: 01 May 2015}
}

@article{Patel2010,
   author = "Patel. N. et al (2010)",
   title = "The ExoMars Rover Locomotion Subsystem.  Evolution of the ExoMars Rover Locomotion Subsystem",
   journal = "Journal  of Terramechanics 47",
   pages = "227-242",
   year = "2010"
}

@inproceedings{LucWalkingGaits,
   author = "Luc Joudrier",
   title = "Overview of 3DROV, a planetary exploration rover design and verification tool",
   booktitle = {4th MODPROD Workshop on Model-Based Product Development},
   mendeley-groups = {conferences},
   year = {2010}
}

@techreport{MuirNeumann1987,
	author = "Patrick F. Muir and Charles P. Neumann",
	title = "Kinematic Modeling of Wheeled Mobile Robots",
	institution = "Carnegie-Mellon University",
	month = "June",
	year = "1987"
}